%% LaTeX2e file `01.bib'
%% generated by the `filecontents' environment
%% from source `01' on 2017/04/18.
%%
@online{WinNT,
  author = {MultiMedia LLC},
  title = {{MS Windows NT} Kernel Description},
  year = 1999,
  url = {http://web.archive.org/web/20080207010024/http://www.808multimedia.com/winnt/kernel.htm},
  urldate = {2010-09-30}
}
